% Encoding: UTF-8

@Book{rasch1993probabilistic,
  author      = {Rasch, Georg},
  title       = {Probabilistic models for some intelligence and attainment tests.},
  year        = {1960},
  publisher   = {Kopenhagen: Danish Institute for Educational Research},
  location    = {Kopenhagen: Danish Institute for Educational Research},
  institution = {Kopenhagen: Danish Institute for Educational Research},
  journal     = {Kopenhagen: Danish Institute for Educational Research},
}

@Article{miller2013exact,
  author    = {Miller, Jeffrey W and Harrison, Matthew T},
  title     = {Exact sampling and counting for fixed-margin matrices},
  journal   = {The Annals of Statistics},
  year      = {2013},
  volume    = {41},
  number    = {3},
  pages     = {1569--1592},
  publisher = {Institute of Mathematical Statistics},
}

@Article{draxler2015power,
  author    = {Draxler, Clemens and Zessin, Johannes},
  title     = {The power function of conditional tests of the Rasch model},
  journal   = {AStA Advances in Statistical Analysis},
  year      = {2015},
  volume    = {99},
  number    = {3},
  pages     = {367--378},
  publisher = {Springer},
}

@Article{ponocny2001nonparametric,
  author    = {Ponocny, Ivo},
  title     = {Nonparametric goodness-of-fit tests for the Rasch model},
  journal   = {Psychometrika},
  year      = {2001},
  volume    = {66},
  number    = {3},
  pages     = {437--459},
  publisher = {Springer},
}

@Article{mair2007extended,
  author    = {Mair, Patrick and Hatzinger, Reinhold},
  title     = {Extended Rasch modeling: The eRm package for the application of IRT models in R},
  journal   = {Journal of Statistical Software},
  year      = {2007},
  volume    = {20},
  number    = {9},
  pages     = {1--20},
  publisher = {Foundation for Open Access Statistics},
}

@Article{verhelst2007rasch,
  author    = {Verhelst, Norman D and Hatzinger, Reinhold and Mair, Patrick},
  title     = {The Rasch sampler},
  journal   = {Journal of Statistical Software},
  year      = {2007},
  volume    = {20},
  number    = {4},
  pages     = {1--14},
  publisher = {Foundation for Open Access Statistics},
}

@Article{verhelst2008efficient,
  author    = {Verhelst, Norman D},
  title     = {An efficient MCMC algorithm to sample binary matrices with fixed marginals},
  journal   = {Psychometrika},
  year      = {2008},
  volume    = {73},
  number    = {4},
  pages     = {705--728},
  publisher = {Springer},
}

@Article{snijders1991enumeration,
  author    = {Snijders, Tom AB},
  title     = {Enumeration and simulation methods for 0--1 matrices with given marginals},
  journal   = {Psychometrika},
  year      = {1991},
  volume    = {56},
  number    = {3},
  pages     = {397--417},
  publisher = {Springer},
}

@Article{chen2005exact,
  author    = {Chen, Yuguo and Small, Dylan},
  title     = {Exact tests for the Rasch model via sequential importance sampling},
  journal   = {Psychometrika},
  year      = {2005},
  volume    = {70},
  number    = {1},
  pages     = {11--30},
  publisher = {Springer},
}

@Manual{RCT2017,
  author       = {{R Core Team}},
  title        = {R: A Language and Environment for Statistical Computing},
  year         = {2017},
  organization = {R Foundation for Statistical Computing},
  url          = {https://www.R-project.org/},
  address      = {Vienna, Austria},
}

@Manual{Mair2016,
  author = {Patrick Mair and Reinhold Hatzinger and Marco Johannes Maier},
  title  = {{eRm: Extended Rasch Modeling}},
  year   = {2016},
  note   = {0.15-7},
  url    = {http://erm.r-forge.r-project.org/},
}

@Manual{Wickham2017,
  author = {Hadley Wickham},
  title  = {tidyverse: Easily Install and Load 'Tidyverse' Packages},
  year   = {2017},
  note   = {R package version 1.1.1},
  url    = {https://CRAN.R-project.org/package=tidyverse},
}

@Manual{Corporation2017,
  author = {Microsoft Corporation and Steve Weston},
  title  = {doParallel: Foreach Parallel Adaptor for the 'parallel' Package},
  year   = {2017},
  note   = {R package version 1.0.11},
  url    = {https://CRAN.R-project.org/package=doParallel},
}

@Book{koller2012rasch,
  author    = {Koller, Ingrid and Alexandrowicz, Rainer and Hatzinger, Reinhold},
  title     = {Das Rasch Modell in der Praxis: eine Einf{\"u}hrung in eRm},
  year      = {2012},
  volume    = {3786},
  publisher = {UTB},
}

@Article{goldberg1991every,
  author    = {Goldberg, David},
  title     = {What every computer scientist should know about floating-point arithmetic},
  journal   = {ACM Computing Surveys (CSUR)},
  year      = {1991},
  volume    = {23},
  number    = {1},
  pages     = {5--48},
  publisher = {ACM},
}

@Article{anscombe_1952,
  author    = {Anscombe, F. J.},
  title     = {Large-sample theory of sequential estimation},
  journal   = {Mathematical Proceedings of the Cambridge Philosophical Society},
  year      = {1952},
  volume    = {48},
  number    = {4},
  pages     = {600–607},
  publisher = {Cambridge University Press},
}

@Article{chen2005sequential,
  author    = {Chen, Yuguo and Diaconis, Persi and Holmes, Susan P and Liu, Jun S},
  title     = {Sequential Monte Carlo methods for statistical analysis of tables},
  journal   = {Journal of the American Statistical Association},
  year      = {2005},
  volume    = {100},
  number    = {469},
  pages     = {109--120},
  publisher = {Taylor \& Francis},
}

@Article{fisher1922mathematical,
  author    = {Fisher, Ronald Aylmer},
  title     = {On the mathematical foundations of theoretical statistics},
  journal   = {Philosophical Transactions of the Royal Society of London. Series A, Containing Papers of a Mathematical or Physical Character},
  year      = {1922},
  volume    = {222},
  pages     = {309--368},
  publisher = {JSTOR},
}

@Manual{Mueller2017,
  author = {Kirill Müller},
  title  = {here: A Simpler Way to Find Your Files},
  year   = {2017},
  note   = {R package version 0.1},
  url    = {https://CRAN.R-project.org/package=here},
}

@Manual{Chan2017,
  author = {Chan, Chung-Hong and Geoffrey CH Chan and Thomas J. Leeper and Jason Becker},
  title  = {rio: A Swiss-army knife for data file I/O},
  year   = {2018},
  note   = {R package version 0.5.9},
}

@Article{prenzel2007pisa,
  author    = {Prenzel, Manfred and Walter, Oliver and Frey, Andreas},
  title     = {PISA misst Kompetenzen},
  journal   = {Psychologische rundschau},
  year      = {2007},
  volume    = {58},
  number    = {2},
  pages     = {128--136},
  publisher = {Hogrefe Verlag G{\"o}ttingen},
}

@Article{draxler2010sample,
  author    = {Draxler, Clemens},
  title     = {Sample size determination for Rasch model tests},
  journal   = {Psychometrika},
  year      = {2010},
  volume    = {75},
  number    = {4},
  pages     = {708--724},
  publisher = {Springer},
}

@Article{hoenig2001abuse,
  author    = {Hoenig, John M and Heisey, Dennis M},
  title     = {The abuse of power: the pervasive fallacy of power calculations for data analysis},
  journal   = {The American Statistician},
  year      = {2001},
  volume    = {55},
  number    = {1},
  pages     = {19--24},
  publisher = {Taylor \& Francis},
}

@Comment{jabref-meta: databaseType:biblatex;}
